<record><leader>00000cas a22000007a 4500</leader><controlfield tag="001">10972624</controlfield><controlfield tag="008">840720c19699999nyudn ne      0   a0eng d</controlfield><datafield ind1=" " ind2=" " tag="010"><subfield code="a">sn 84031482 </subfield></datafield><datafield ind1=" " ind2=" " tag="040"><subfield code="a">NYG</subfield><subfield code="b">eng</subfield><subfield code="c">NYG</subfield><subfield code="d">NPX</subfield><subfield code="d">NYG</subfield><subfield code="d">NYS</subfield><subfield code="d">NSD</subfield><subfield code="d">OCLCQ</subfield><subfield code="d">OCLCF</subfield><subfield code="d">OCLCO</subfield></datafield><datafield ind1=" " ind2=" " tag="012"><subfield code="m">1</subfield></datafield><datafield ind1="1" ind2=" " tag="022"><subfield code="a">1088-6540</subfield><subfield code="l">1088-6540</subfield><subfield code="2">1</subfield></datafield><datafield ind1="1" ind2=" " tag="029"><subfield code="a">AU@</subfield><subfield code="b">000024688054</subfield></datafield><datafield ind1=" " ind2=" " tag="032"><subfield code="a">413260</subfield><subfield code="b">USPS</subfield></datafield><datafield ind1=" " ind2=" " tag="042"><subfield code="a">msc</subfield><subfield code="a">nsdp</subfield></datafield><datafield ind1=" " ind2="4" tag="222"><subfield code="a">The Palladium-times</subfield><subfield code="b">(Oswego, N.Y.)</subfield></datafield><datafield ind1="0" ind2="4" tag="245"><subfield code="a">The Palladium-times.</subfield></datafield><datafield ind1="3" ind2="0" tag="246"><subfield code="a">Palladium times</subfield></datafield><datafield ind1=" " ind2=" " tag="260"><subfield code="a">Oswego-Fulton, N.Y. :</subfield><subfield code="b">The Palladium-Times,</subfield><subfield code="c">1969-</subfield></datafield><datafield ind1=" " ind2=" " tag="300"><subfield code="a">v. :</subfield><subfield code="b">ill.</subfield></datafield><datafield ind1=" " ind2=" " tag="310"><subfield code="a">Daily (except Sunday and Holidays)</subfield></datafield><datafield ind1="0" ind2=" " tag="362"><subfield code="a">[Vol. 45, no. 138] (June 13, 1969)-</subfield></datafield><datafield ind1=" " ind2=" " tag="500"><subfield code="a">Published simultaneously at Fulton, N.Y.</subfield></datafield><datafield ind1=" " ind2=" " tag="500"><subfield code="a">Publisher: Clarence T. Leighton.</subfield></datafield><datafield ind1=" " ind2=" " tag="515"><subfield code="a">Numbering begins with vol. 45, no. 140 [i.e. 139] (June 14, 1969).</subfield></datafield><datafield ind1=" " ind2=" " tag="530"><subfield code="a">Available on microfilm from Micro Photo Division, Bell and Howell Co.</subfield></datafield><datafield ind1=" " ind2="0" tag="651"><subfield code="a">Oswego (N.Y.)</subfield><subfield code="v">Newspapers.</subfield></datafield><datafield ind1=" " ind2="0" tag="651"><subfield code="a">Fulton (N.Y.)</subfield><subfield code="v">Newspapers.</subfield></datafield><datafield ind1=" " ind2="0" tag="651"><subfield code="a">Oswego County (N.Y.)</subfield><subfield code="v">Newspapers.</subfield></datafield><datafield ind1=" " ind2="7" tag="655"><subfield code="a">Newspapers.</subfield><subfield code="2">fast</subfield><subfield code="0">(OCoLC)fst01423814</subfield></datafield><datafield ind1=" " ind2="7" tag="651"><subfield code="a">New York (State)</subfield><subfield code="z">Fulton.</subfield><subfield code="2">fast</subfield><subfield code="0">(OCoLC)fst01212889</subfield></datafield><datafield ind1=" " ind2="7" tag="651"><subfield code="a">New York (State)</subfield><subfield code="z">Oswego.</subfield><subfield code="2">fast</subfield><subfield code="0">(OCoLC)fst01212851</subfield></datafield><datafield ind1=" " ind2="7" tag="651"><subfield code="a">New York (State)</subfield><subfield code="z">Oswego County.</subfield><subfield code="2">fast</subfield><subfield code="0">(OCoLC)fst01208853</subfield></datafield><datafield ind1=" " ind2=" " tag="752"><subfield code="a">United States</subfield><subfield code="b">New York</subfield><subfield code="c">Oswego</subfield><subfield code="d">Oswego.</subfield></datafield><datafield ind1=" " ind2=" " tag="752"><subfield code="a">United States</subfield><subfield code="b">New York</subfield><subfield code="c">Oswego</subfield><subfield code="d">Fulton.</subfield></datafield><datafield ind1="0" ind2="0" tag="780"><subfield code="t">Oswego palladium-times</subfield><subfield code="w">(DLC)sn 84031481</subfield><subfield code="w">(OCoLC)10972501</subfield></datafield><datafield ind1=" " ind2=" " tag="936"><subfield code="a">Vol. 74, no. 307 (Apr. 15, 1996) LIC</subfield></datafield></record>